@article{mainPaper,
   author = "{Vladimir Grupcev, Yicheng Tu {\it et. al.}}",
   title = {Push-based System for Molecular Simulation Data Analysis.},
   year = {2015}
}

@article{mainArticle,
  author = "{Vladimir Grupcev, Yicheng Tu, Meryem Berrada {\it et. al.}}",
  title = {DCMS: A data analytics and management system for molecular simulation},
  year = {2014}
}

@article{TKDE12,
  author = "{Vladimir Grupcev {\it et. al.}}",
  title = {Approximate Algorithms for Computing Spatial Distance Histograms with Accuracy Guarantees.},
  journal   = {TKDE},
  year = {2012}
}

@inproceedings{Eltabakh:cidr07,
  author = "{Mohamed Eltabakh {\it et. al.}}",
  title = {{BDBMS: A Database management system for biological data}},
  booktitle = {CIDR},
  OPTpages = {196--206},
  year = {2007}
}

@article{Gray:sigmod05,
  author = "{Jim Gray {\it et. al.}}",
  title = {Scientific data management in the coming decade},
  journal = {In SIGMOD Record},
  volume = {34},
  issue = {4},
  OPTpages = {34--41},
  year = {2005}
}

@article{Ng:fgenCsys06,
  author = "{Muan Hong Ng {\it et. al.}}",
  title = {{In BioSimGrid: grid-enabled biomolecular simulation data storage and analysis}},
  journal = {Future Gen. Comput. Syst.},
  volume = {22},
  issue = {6},
  OPTpages = {657--664},
  year = {2006}
}

@book{Frenkel:api01,
  author = "{Daan Frenkel {\it et. al.}}",
  title = {Understanding Molecular Simulation: From Algorithms to Applications},
  edition = {2nd},
  volume = {1},
  publisher = {Academic Press, Inc.},
  year = {2001}
}

@book{Landau:cup05,
  author = "{David Landau {\it et. al.}}",
  title = {A Guide to Monte Carlo Simulations in Statistical Physics},
  publisher = {Cambridge University Press},
  year = {2005}
}

@inproceedings{ytu:icde09,
  author = "{Yicheng Tu {\it et. al.}}",
  title = {Computing Distance Histograms Efficiently in Scientific Databases},
  booktitle ={ICDE},
  OPTpages = {796--807},
  year = {2009}
}

@book{allen:nic03,
   author = {Michael Allen},
   title = {Introduction to Molecular Dynamics Simulation},
   publisher = {John von Neumann Institute of Computing, NIC Seris},
   volume = {23},
   year = {2003},
}

@article{vashishta:phy99,
   author = "{Andrey Omeltchenko {\it et. al.}}",
   title = {{Scalable I/O of large-scale molecular dynamics simulations: A data-compression algorithm}},
   journal = {Computer physics communications},
   volume = {131},
   number = {1--2},
   OPTpages = {78--85},
   year = {2000},
}

@book{szapudi:lnphy09,
   author = {Istv\'an Szapudi},
   title = {Introduction to Higher Order Spatial Statistics in Cosmology},
   publisher = {Lecture Notes in Physics, Springer Verlag},
   volume = {665},
   year = {2009},
}

@inproceedings{Gray:mit01,
  author = "{Alexander G. Gray {\it et. al.}}",
  title = {N-Body Problems in Statistical Learning},
  booktitle = {Advances in Neural Info. Processing Systems},
  OPTpages = {521--527},
  year = {2001},
}

@inproceedings{EDBT12,
  author    = "{Anand Kumar {\it et. al.}}",
  title     = {Distance Histogram Computation Based on Spatiotemporal Uniformity in Scientific Data.},
  booktitle = {EDBT},
  year      = {2012},
  month = {March},
  location = {Berlin, Germany},
  OPTpages     = {288--299}
}

@article{BHut_Nature86,
 author = "{Josh Barnes {\it et. al.}}",
 title = {{A Hierarchical O(N log N) Force-Calculation Algorithm}},
 journal = {Nature},
 volume = {324},
 number = {4},
 year = {1986},
 OPTpages = {446--449}
}

@article{MultiPole_JCP87,
 author = "{Leslie Greengard {\it et. al.}}",
 title = {{A Fast Algorithm for Particle Simulations }},
 journal = {Journal of Computational Physics},
 volume = {135},
 number = {12},
 year = {1987},
 OPTpages = {280--292}
}

@article{ytu:vldbj10,
   author = "{Shaoping Chen {\it et. al.}}",
   title = {Performance analysis of a dual-tree algorithm for computing spatial distance histograms},
   journal = {VLDBJ},
   volume = {20},
   number = {4},
   OPTpages = {471--494},
   year = {2011}
}

@inproceedings{dietz:sda91,
   author = "{Paul Dietz {\it et. al.}}",
   title = {Persistence, amortization and randomization},
   booktitle = {Proc. of the ACM-SIAM symposium on Discrete algorithms},
   OPTpages = {78--88},
   year = {1991},
}

@inproceedings{teraoka:pcc95,
   author = "{Teruhiko Teraoka {\it et. al.}}",
   booktitle={Phoenix Conf. on Computers and Communications},
   title={{The MP-tree: A data structure for spatio-temporal data}},
   year={1995},
   OPTpages={326--333},
}

@article{lagogiannis:sigmod09,
   author = "{George Lagogiannis {\it et. al.}}",
   title = {A time efficient indexing scheme for complex spatiotemporal retrieval},
   journal = {SIGMOD Record},
   volume = {38},
   issue = {3},
   OPTpages = {11--16},
   year = {2010},
}

@inproceedings{kaplan:crc01,
   author = {Haim Kaplan},
   title  = {Persistent data structures},
   booktitle = {Handbook on Data Structures and Applications},
   OPTpages = {1--27},
   publisher = {CRC Press},
   year = {2001},
}

@book{hwu:ggjade,
   author = "{Wen-Mei Hwu}",
   title = {GPU Computing Gems Jade Edition},
   year = {2011},
   edition = {1st},
   publisher = {Morgan Kaufmann Publishers Inc.},
}

@book{kirk:mp10,
   author = "{David Kirk {\it et. al.}}",
   title = {Programming Massively Parallel Processors: A Hands-on Approach},
   year = {2010},
   edition = {1st},
   publisher = {Morgan Kaufmann Publishers Inc.},
}

@misc{OpenCL,
   title = {OpenCL - The open standard for parallel programming of heterogeneous systems},
   author = {Khronos Group},
   url = {http://www.khronos.org/opencl/}
}

@misc{bestcuda,
   title = {CUDA C Best Practices Guide, Version 4.0},
   author = {NVIDIA},
   url = {http://developer.nvidia.com/object/cuda.html},
   year={2011}
}

@inproceedings{he:sigmod08,
   author = {Bingsheng He {\it et. al.}},
   title = {Relational joins on graphics processors},
   booktitle = {SIGMOD},
   year = {2008},
   OPTpages = {511--524}
}

@inproceedings{Govindaraju:sigmod04,
   author = {Naga Govindaraju {\it et. al.}},
   title = {Fast computation of database operations using graphics processors},
   booktitle = {SIGMOD},
   year = {2004},
   OPTpages = {215--226},
}

@inproceedings{Govindaraju:sigmod06,
   author = "{Naga Govindaraju {\it et. al.}}",
   title = {GPUTeraSort: high performance graphics co-processor sorting for large database management},
   booktitle = {SIGMOD},
   year = {2006},
   OPTpages = {325--336},
}

@inproceedings{Owens07asurvey,
    author = "{John Owens {\it et. al.}}",
    title = {A survey of general-purpose computation on graphics hardware},
    booktitle = {Eurographics, State of the Art Reports},
    year = {2005}
}

@article{orenstein:ipl82,
  author = {Jack Orenstein},
  title = {Multidimensional Tries used for Associative Searching},
  journal = {Information Processing Letters},
  volume = {14},
  number = {4},
  OPTpages = {150--157},
  year = {1982},
}

@book{breiman:prob,
   author = {Leo Breiman},
   title = {Probability (Classics in Applied Math.)},
   publisher = {SIAM},
   year = {1992},
}

@misc{linepicking,
   title = {Square Line Picking},
   author = {Weisstein, Eric},
   url = {http://mathworld.wolfram.com/SquareLinePicking.html}
}

@article{alagar:jap76,
   author = {Vangalur Alagar},
   title  = {The distribution of distance between random points},
   journal = {Journal of Applied Probability},
   volume = {13},
   number = {3},
   OPTpages = {558--566},
   year = {1976},
}

@misc{nc-chisq,
   title = {Noncentral {$\chi^2$} Distribution, from {MathWorld -- A Wolfram Web Resource}},
   author = {Weisstein, Eric},
   url = { http://mathworld.wolfram.com/NoncentralChi-SquaredDistribution.html}
}

@article{predict_TODS03,
 author = "{Yufei Tao {\it et. al.}}",
 title = {Analysis of predictive spatio-temporal queries},
 journal = {ACM Trans. Database Syst.},
 volume = {28},
 number = {4},
 year = {2003},
 issn = {0362-5915},
 OPTpages = {295--336}
 }

@article{bhatch:ijs96,
   author = "{Rabi Bhattacharya {\it et. al.}}",
   title = {Comparisons of Chisquares, Edgeworth Expansions and Bootstrap Approximations to the Distribution of the Frequency Chisquare},
   journal = {Indian J. of Statistics},
   volume = {58},
   number = {1},
   series = {A},
   OPTpages = {57--68},
   year = {1996},
}

@misc{amd:arch,
   author = {{AMD}},
   title = {{Close to Metal (CTM) Technology}},
   url = {http://ati.amd.com/products/streamprocessor/}
}

@inproceedings{SIMD-SIGMOD02,
 author = "{Jingren Zhou {\it et. al.}}",
 title = {Implementing database operations using SIMD instructions},
 booktitle = {SIGMOD},
 year = {2002},
 OPTpages = {145--156},
}

@misc{cuda4,
   title = {{CUDA C Programming Guide, Version 4.0}},
   author = {{NVIDIA}},
   url = {http://developer.nvidia.com/object/cuda.html}
}

@book{matlab:2012,
   year = {2012},
   author = {MATLAB},
   title = {version 7.14.0 (R2012a)},
   publisher = {The MathWorks Inc.},
}

@book{johnson94,
   author="{Norman Johnson {\it et. al.}}",
   title={ Continuous Univariate Distributions},
   edition={2nd},
   volume={1},
   publisher={John Willey and Sons},
   year={1994},
}

@article{Claremont08,
 author = "{Rakesh Agrawal \textit{et al.}}",
 title = {The Claremont report on database research},
 journal = {SIGMOD Record},
 volume = {37},
 number = {3},
 year = {2008},
 issn = {0163-5808},
 OPTpages = {9--19}
 }

@book{harrison03,
   author="{Terry P. Harrison {\it et. al.}}",
   title={ The Practice of Supply Chain Management},
   edition={1st},
   volume={62},
   publisher={Springer},
   year={2003},
}

@book{Frenkel:api01,
  author = {Frenkel, Daan and Smit, Berend},
  title = {Understanding Molecular Simulation: From Algorithms to Applications},
  edition = {2nd},
  volume = {1},
  publisher = {Academic Press, Inc.},
  year = {2001},
}

@book{Landau:cup05,
  author = {D.P. Landau and K. Binder},
  title = {A Guide to Monte Carlo Simulations in Statistical Physics},
  publisher = {Cambridge University Press},
  year = {2005},
}

@inproceedings{SDSS_SIGMOD02,
  author    = {Alexander S. Szalay and
               Jim Gray and
               Ani Thakar and
               Peter Z. Kunszt and
               Tanu Malik and
               Jordan Raddick and
               Christopher Stoughton and
               Jan vandenBerg},
  title     = {{The SDSS Skyserver: Public Access to the Sloan Digital Sky
               Server Data}},
  booktitle = {Proceedings of International Conference on Management of Data (SIGMOD)},
  year      = {2002},
  pages     = {570-581}
}

@inproceedings{QBISM_ICDE94,
  author    = {Manish Arya and William F. Cody and Christos Faloutsos and Joel Richardson and Arthur Toya},
  title     = {{QBISM: Extending a DBMS to Support 3D Medical Images}},
  booktitle = {ICDE},
  year      = {1994},
  pages     = {314-325}
}

@inproceedings{BDBMS_CIDR07,
  author    = {Mohamed Y. Eltabakh and
               Mourad Ouzzani and
               Walid G. Aref},
  title     = {{BDBMS - A Database Management System for Biological Data}},
  booktitle = {Proceedings of the 3rd Biennial Conference on Innovative Data Systems Resarch (CIDR)},
  year      = {2007},
  pages     = {196-206}
}

@Article{PeriScope,
author = {J. M. Patel},
title = {{The Role of Declarative Querying in Bioinformatics}},
journal = {OMICS: A Journal of Integrative Biology},
year = {2003},
volume = {7},
number = {1},
pages = {89-91},
month = {}
}

@inproceedings{NewArch-VLDB07,
  author    = {Michael Stonebraker and  Samuel Madden and Daniel J. Abadi and  Stavros Harizopoulos and Nabil Hachem and  Pat Helland},
  title     = {{The End of an Architectural Era (It's Time for a Complete Rewrite)}},
  booktitle = {VLDB},
  year      = {2007},
  pages     = {1150-1160},
  ee        = {http://www.vldb.org/conf/2007/papers/industrial/p1150-stonebraker.pdf},
  crossref  = {DBLP:conf/vldb/2007},
  bibsource = {DBLP, http://dblp.uni-trier.de}
}

@inproceedings{ROI-CIDR07,
  author    = {Bill Howe and
               David Maier and
               Laura Bright},
  title     = {{Smoothing the ROI Curve for Scientific Data Management Applications}},
  booktitle = {CIDR},
  year      = {2007},
  pages     = {185-195},
  ee        = {http://www.cidrdb.org/cidr2007/papers/cidr07p21.pdf},
  crossref  = {DBLP:conf/cidr/2007},
  bibsource = {DBLP, http://dblp.uni-trier.de}
}

@inproceedings{SciDB-SIGMOD10,
  author    = {Paul G. Brown},
  title     = {Overview of SciDB: large scale array storage, processing and analysis},
  booktitle = {SIGMOD Conference},
  year      = {2010},
  pages     = {963-968}
}

@Article{Sci_SIGMODR05,
author = {Jim Gray and David Liu and Maria Nieto-Santisteban and Alex Szalay and David DeWitt and Gerd Heber},
title = {{Scientific Data Management in the Coming Decade}},
journal = {SIGMOD Record},
year = {2005},
volume = {34},
number = {4},
pages = {34-41},
month = {December}
}

@Article{BioSimGrid,
author = {M. H. Ng and S. Johnston and B. Wu and S. E. Murdock and K. Tai and H. Fangohr and S. J. Cox and J. W. Essex and M. S. P. Sansom and P. Jeffreys},
title = {{BioSimGrid: Grid-enabled Biomolecular Simulation Data Storage and Analysis}},
journal = {Future Generation Computer Systems},
year = {2006},
volume = {22},
number = {6},
pages = {657-664},
month = {June}
}

@Article{SimDB,
author = {M. Feig and M. Abdullah and L. Johnsson and B. M. Pettitt},
title = {{Large Scale Distributed Data Repository: Design of a Molecular Dynamics Trajectory Database}},
journal = {Future Generation Computer Systems},
year = {1999},
volume = {16},
number = {1},
pages = {101-110},
month = {January}
}

@Article{GROMACS4,
author = {Berk Hess and Carsten Kutzner and David van der Spoel and Erik Lindahl},
title = {{GROMACS 4: Algorithms for Highly Efficient, Load-Balanced, and Scalable Molecular Simulation}},
journal = {Journal of Chemical Theory and Computation},
year = {2008},
volume = {4},
number = {3},
pages = {435-447},
month = {March}
}

@Article{bamdad06,
author = {M. Bamdad, S. Alavi, B. Najafi, and E. Keshavarzi},
title = {{A new expression for radial distribution function and infinite shear modulus of lennard-jones fluids}},
journal = {Chemical Physics},
year = {2006},
volume = {325},
number = {2-3},
pages = {554–562},
month = {June}
}

@inproceedings{NewArch-CIDR07,
  author    = {M. Stonebraker and  C. Bear and U. Cetintemel and M. Cherniack and T. Ge and N. Hacham and S. Harizopoulos and J. Lifter and J. Rogers and S. Zdonik},
  title     = {{One Size Fits All? - Part 2: Benchmarking Results}},
  booktitle = {CIDR},
  year      = {2007},
  month = {January}
}

@Book{AstroAnalysis02,
  author =   {Jean Luc Stark and Fionn Murtagh},
  title =    {{Astronomical Image and Data Analysis}},
  publisher =    {Springer},
  year =     2002
}

@article{ChemShift_BCB98,
 author = {D. S. Wishart and A. M. Nip},
 title = {{Protein Chemical Shift Analysis: A Practical Guide}},
 journal = {Biochemical and Cell Biology},
 volume = {76},
 number = {},
 year = {1998},
 pages = {153--163}
 }

 @article{tkde_big14,
  author    = {Xindong Wu and Xingquan Zhu and Gong-Qing Wu and Wei Ding},
  title     = {Data Mining with Big Data},
  journal   = {IEEE Transactions on Knowledge and Data Engineering},
  volume    = {26},
  number    = {1},
  year      = {2014},
  pages     = {97-107},
}

@article{nature_bigdata08,
  author    = {Doug Howe et al.},
  title     = {Big data: The future of biocuration},
  journal   = {Nature},
  volume    = {455},
  year      = {2008},
  pages     = {47-50},
}

@article{nature_bigdata12,
  author    = {B. Huberman},
  title     = {Sociology of Science: Big Data Deserve a Bigger Audience},
  journal   = {Nature},
  volume    = {482},
  year      = {2012},
  pages     = {308},
}

@article{science_social10,
  author    = {D. Centola},
  title     = {The Spread of Behavior in an Online Social Network Experiment},
  journal   = {Science},
  volume    = {329},
  year      = {2010},
  pages     = {1194-1197},
}

@article{jcs_twitter11,
  author    = {Johan Bollen and Huina Mao and Xiao-Jun Zeng},
  title     = {Twitter Mood Predicts the Stock Market},
  journal   = {Journal of Computational Science},
  volume    = {2},
  year      = {2011},
  pages     = {1-8},
}

@article{VMD,
  author    = {William Humphrey and Andrew Dalke and Klaus Schulten},
  title     = {VMD: visual molecular dynamics},
  journal   = {Journal of Molecular Graphics},
  volume    = {14},
  year      = {1996},
  pages     = {33-38},
}

@article{MDAnalysis,
  author    = {Naveen Michaud-Agrawal and Elizabeth J. Denning and Thomas B. Woolf and Oliver Beckstein},
  title     = {MDAnalysis: A Toolkit for the Analysis of Molecular Dynamics Simulations},
  journal   = {Journal of Computational Chemistry}
  volume    = {32},
  year      = {2012},
  pages     = {2319-2327},
}

@article{MDtracks,
  author    = {Toon Verstraelen and Marc Van Houteghem and Veronique Van Speybroeck and Michel Waroquier},
  title     = {MD-tracks: a productive solution for the advanced analysis of molecular dynamics and Monte Carlo simulations},
  journal   = {Journal of Chemical Information and Modeling},
  volume    = {48},
  year      = {2008},
  pages     = {2414-2424},
}

@article{wordom,
  author    = {Michele Seeber and Marco Cecchini and Francesco Rao and Giovanni Settanni and Amedeo Caflisch},
  title     = {Wordom: a program for efficient analysis of molecular dynamics simulations},
  journal   = {Bioinformatics},
  volume    = {31},
  year      = {2010},
  pages     = {2658-2668},
}

@article{Simulaid,
  author    = {Mihaly Mezei},
  title     = {Simulaid: a simulation facilitator and analysis program},
  journal   = {Journal of Computational Chemistry},
  volume    = {23},
  year      = {2007},
  pages     = {2625-2627},
}

@article{CHARMM,
  author    = "{B. R. Brooks {\it et. al.}}",
  title     = {CHARMM: the biomolecular simulation program},
  journal   = {Journal of Computational Chemistry},
  volume    = {30},
  year      = {2009},
  pages     = {1545-1614},
}

@article{SciDB,
  author    = "{P. Cudre-Mauroux {\it et. al.}}",
  title     = {A Demonstration of SciDB: A Science-Oriented DBMS},
  journal   = {VLDB},
  volume    = {2},
  year      = {2009},
  pages     = {1534-1537},
}

@article{DataPath,
  author    = "{Subi Arumugam and Alin Dobra and Christopher Jermaine and Niketan Pansare and Luis Perez}",
  title     = {The DataPath System: A data-Centric Analytical Procesing Engine for Large Data Warehouses},
  journal   = {SIGMOD},
  volume    = {1},
  year      = {2010},
  pages     = {519-530},
}

@article{Volcano,
  author    = "{Goetz Graefe}",
  title     = {Volcano - an extensible and parallel query evaluation system},
  journal   = {TKDE},
  volume    = {6},
  year      = {1994},
  pages     = {120-135},
}

@article{Qpipe,
  author    = "{Stavros Harizopoulos and Vladislav Shkapenyuk and Anastassia Ailamaki}",
  title     = {QPipe: A Simultaneously Pipelined Relational Query Engine},
  journal   = {SIGMOD},
  volume    = {},
  year      = {2005},
  pages     = {383-394},
}

@article{Candea,
  author    = "{Gorge Candea and Neoklis Polyzotis and Radek Vingralek}",
  title     = {A Scalable, Predictable Join Operator fo Highly Concurrent Data Warehouses},
  journal   = {VLDB},
  volume    = {},
  year      = {2009},
  pages     = {277-288},
}

@article{PredictablePerformance,
  author    = "{P Unterbrunner and G Giannikis and G Alonso and D Fauser and D Kossmann}",
  title     = {Predictable Performance for Unpredictable Workloads},
  journal   = {VLDB},
  volume    = {2},
  year      = {2009},
  pages     = {706-717},
}

@article{CooperativeScans,
  author    = "{Marcin Zukowski and Sandor Heman and Niels Nes and Peter Boncz}",
  title     = {Cooperative Scans: Dynamic bandwidth sharing in dbms},
  journal   = {VLDB},
  volume    = {},
  year      = {2007},
  pages     = {723-734},
}

@Book{DataStreamManagement,
  author =   {Luckas Golab and Tamer Ozsu},
  title =    {{Data Stream Management}},
  publisher =    {Morgan And Claypool},
  year =     2010
}

@misc{Gromacs-online,
   title = {{GROMACS - Online Reference}},
   author = {{Gromacs group}},
   url = {http://gromacs.org/}
}

@misc{amazonGPU,
  title={{Amazon GPU Instances}},
  author={{Amazon}}
  url={https://aws.amazon.com/ru/ec2/instance-types}
}

@article{borealis,
  author    = "{Daniel J. Abadi, Yanif Ahmad, Magdalena Balazinska {\it et. al.}}",
  title     = {The Design of the Borealis Stream Processing Engine},
  year      = {2005}
}

@misc{aurora,
   title = {{Aurora Framework}},
   author = {{Apache}},
   url = {http://aurora.apache.org/}
}

@misc{medusa,
   title = {{Medusa: A Programming Framework for Crowd-Sensing Applications}},
   author = {Moo-Ryong Ra, Bin Liu {\it et. al.}},
   year = {2012}
}

@article{hadoop,
  title = {{The Hadoop Distributed File System}},
  author={Konstantin Shvachko, Hairong Kuang, Sanjay Radia, Robert Chansler},
  year={2010}
}

@article{hadoopgpu,
  title = {GPU-accelerated Large Scale Analytics using MapReduce Model},
  author = {RadhaKishan Yadav, Robin Singh Bhadoria, Amit Suri {\it et. al.}},
  year={2015}
}

@article{sdhgpu,
  title = {Computing Spatial Distance Histograms for Large Scientific Datasets On-the-Fly},
  author = {Yicheng Tu, {\it et. al.}}
  year = {2014}
}

@article{gpureduction,
  title = {Optimizing Parallel Reduction in CUDA},
  author = {Mark Harris, {\it et. al.}}
}

@article{fbStats,
  title = {{Scaling the Facebook data warehouse to 300 PB}},
  author={{Pamela Vagata, {\it et. al.}}},
  url = {https://code.facebook.com/posts/229861827208629/scaling-the-facebook-data-warehouse-to-300-pb/}
}

@article{spark,
  title = {{Apache Spark}},
  author={{Apache}},
  url = {http://spark.apache.org/}
}

@article{flink,
  title = {{Flink}},
  author={{Flink}},
  url = {https://flink.apache.org/}
}

